<record xmlns="http://www.loc.gov/MARC21/slim" xmlns:xsi="http://www.w3.org/2001/XMLSchema-instance" xsi:schemaLocation="http://www.loc.gov/MARC21/slim http://www.loc.gov/standards/marcxml/schema/MARC21slim.xsd"><leader>01202nam a2200289   4500</leader><controlfield tag="001">001680262</controlfield><controlfield tag="003">NNU</controlfield><controlfield tag="006">m        d        </controlfield><controlfield tag="007">cr cn |||m|||a</controlfield><controlfield tag="008">140707s1968    iq      ob    000 0carax</controlfield><datafield ind1=" " ind2=" " tag="040"><subfield code="a">NNU</subfield><subfield code="b">eng</subfield><subfield code="c">NNU</subfield></datafield><datafield ind1="0" ind2=" " tag="050"><subfield code="a">PJ7696.M3</subfield><subfield code="b">Z9</subfield></datafield><datafield ind1="1" ind2=" " tag="100"><subfield code="a">&#7778;aff&#257;r, Ibtis&#257;m Marh&#363;n.</subfield></datafield><datafield ind1="1" ind2="0" tag="245"><subfield code="a">M&#257;lik wa-Mutammim</subfield><subfield code="h">[electronic resource],</subfield><subfield code="b">ibn&#257; Nuwayrah al-Yarb&#363;&#699;&#299;.</subfield><subfield code="c">Ta&#700;l&#299;f Ibtis&#257;m Marh&#363;n al-&#7778;aff&#257;r.</subfield></datafield><datafield ind1=" " ind2=" " tag="260"><subfield code="a">Baghd&#257;d,</subfield><subfield code="b">Ma&#7789;ba&#699;at al-Irsh&#257;d,</subfield><subfield code="c">1968.</subfield></datafield><datafield ind1=" " ind2=" " tag="300"><subfield code="a">online resource (160 p.)</subfield></datafield><datafield ind1=" " ind2=" " tag="500"><subfield code="a">In Arabic.</subfield></datafield><datafield ind1=" " ind2=" " tag="500"><subfield code="a">Part of the Arabic Collections Online (ACO) project, contributed by New York Univeristy Libraries.</subfield></datafield><datafield ind1=" " ind2=" " tag="504"><subfield code="a">Bibliography: p. 139-152.</subfield></datafield><datafield ind1=" " ind2=" " tag="533"><subfield code="a">Electronic reproduction.</subfield><subfield code="b">New York, N.Y. :</subfield><subfield code="c">New York University,</subfield><subfield code="d">2014.</subfield><subfield code="5">NNU</subfield></datafield><datafield ind1="0" ind2="0" tag="600"><subfield code="a">M&#257;lik ibn Nuwayrah,</subfield><subfield code="d">7th cent.</subfield></datafield><datafield ind1="0" ind2="0" tag="600"><subfield code="a">Mutammim ibn Nuwayrah,</subfield><subfield code="d">d. ca. 650.</subfield></datafield><datafield ind1="2" ind2=" " tag="710"><subfield code="a">New York University.</subfield><subfield code="b">Libraries.</subfield></datafield><datafield ind1="0" ind2=" " tag="730"><subfield code="a">Arabic Collections Online.</subfield></datafield><datafield ind1="0" ind2="8" tag="776"><subfield code="i">Print version:</subfield><subfield code="a">&#7778;aff&#257;r, Ibtis&#257;m Marh&#363;n.</subfield><subfield code="t">M&#257;lik wa-Mutammim</subfield><subfield code="w">(NNU)001680262</subfield><subfield code="w">(DLC)68003118</subfield></datafield><datafield ind1="4" ind2="0" tag="856"><subfield code="u">http://hdl.handle.net/2333.1/t4b8gwdx</subfield></datafield><datafield ind1=" " ind2=" " tag="959"><subfield code="a">NNU</subfield><subfield code="b">WEB</subfield><subfield code="c">GENI</subfield><subfield code="t">0</subfield><subfield code="m">Electronic access</subfield><subfield code="s">01</subfield></datafield></record>